%YAML 1.1
%TAG !u! tag:unity3d.com,2011:
--- !u!1001 &100100000
Prefab:
  m_ObjectHideFlags: 1
  serializedVersion: 2
  m_Modification:
    m_TransformParent: {fileID: 0}
    m_Modifications: []
    m_RemovedComponents: []
  m_ParentPrefab: {fileID: 0}
  m_RootGameObject: {fileID: 1502784789975500}
  m_IsPrefabParent: 1
--- !u!1 &1502784789975500
GameObject:
  m_ObjectHideFlags: 0
  m_PrefabParentObject: {fileID: 0}
  m_PrefabInternal: {fileID: 100100000}
  serializedVersion: 5
  m_Component:
  - component: {fileID: 4066988954588610}
  - component: {fileID: 108011316498570332}
  - component: {fileID: 114564866400073466}
  m_Layer: 0
  m_Name: Directional Light
  m_TagString: Untagged
  m_Icon: {fileID: 0}
  m_NavMeshLayer: 0
  m_StaticEditorFlags: 0
  m_IsActive: 1
--- !u!4 &4066988954588610
Transform:
  m_ObjectHideFlags: 1
  m_PrefabParentObject: {fileID: 0}
  m_PrefabInternal: {fileID: 100100000}
  m_GameObject: {fileID: 1502784789975500}
  m_LocalRotation: {x: -0.9933702, y: -0.009805405, z: -0.08567273, w: -0.076025285}
  m_LocalPosition: {x: 0, y: 3, z: 0}
  m_LocalScale: {x: 1, y: 1, z: 1}
  m_Children: []
  m_Father: {fileID: 0}
  m_RootOrder: 0
  m_LocalEulerAnglesHint: {x: 368.59, y: -190, z: -181.884}
--- !u!108 &108011316498570332
Light:
  m_ObjectHideFlags: 1
  m_PrefabParentObject: {fileID: 0}
  m_PrefabInternal: {fileID: 100100000}
  m_GameObject: {fileID: 1502784789975500}
  m_Enabled: 1
  serializedVersion: 8
  m_Type: 1
  m_Color: {r: 1, g: 0.95686275, b: 0.8392157, a: 1}
  m_Intensity: 1
  m_Range: 10
  m_SpotAngle: 30
  m_CookieSize: 10
  m_Shadows:
    m_Type: 2
    m_Resolution: -1
    m_CustomResolution: -1
    m_Strength: 1
    m_Bias: 0.05
    m_NormalBias: 0.4
    m_NearPlane: 0.2
  m_Cookie: {fileID: 0}
  m_DrawHalo: 0
  m_Flare: {fileID: 0}
  m_RenderMode: 0
  m_CullingMask:
    serializedVersion: 2
    m_Bits: 4294967295
  m_Lightmapping: 4
  m_AreaSize: {x: 1, y: 1}
  m_BounceIntensity: 1
  m_ColorTemperature: 6570
  m_UseColorTemperature: 0
  m_ShadowRadius: 0
  m_ShadowAngle: 0
--- !u!114 &114564866400073466
MonoBehaviour:
  m_ObjectHideFlags: 1
  m_PrefabParentObject: {fileID: 0}
  m_PrefabInternal: {fileID: 100100000}
  m_GameObject: {fileID: 1502784789975500}
  m_Enabled: 1
  m_EditorHideFlags: 0
  m_Script: {fileID: 11500000, guid: 2aae69dd30c0fee4cb6ee233c0bcecf1, type: 3}
  m_Name: 
  m_EditorClassIdentifier: 
  sun: {fileID: 108011316498570332}
  sunColorGradient:
    serializedVersion: 2
    key0: {r: 0.65333045, g: 0.6698515, b: 0.7794118, a: 1}
    key1: {r: 1, g: 0.589784, b: 0.20588237, a: 1}
    key2: {r: 1, g: 0.9568628, b: 0.83921576, a: 0}
    key3: {r: 1, g: 0.9568628, b: 0.83921576, a: 0}
    key4: {r: 1, g: 0.48367804, b: 0.03676468, a: 0}
    key5: {r: 0.654902, g: 0.67058825, b: 0.7803922, a: 0}
    key6: {r: 0, g: 0, b: 0, a: 0}
    key7: {r: 0, g: 0, b: 0, a: 0}
    ctime0: 0
    ctime1: 18350
    ctime2: 24903
    ctime3: 41942
    ctime4: 47185
    ctime5: 65535
    ctime6: 0
    ctime7: 0
    atime0: 0
    atime1: 65535
    atime2: 0
    atime3: 0
    atime4: 0
    atime5: 0
    atime6: 0
    atime7: 0
    m_Mode: 0
    m_NumColorKeys: 6
    m_NumAlphaKeys: 2
  transitionSpeed: 0.1
  startDaytime: 2
  daytimeStateRounds: 02000000040000000200000002000000
  curDaytime: 2
  currentTimeOfDay: 0
